%@ARTICLE{Pan,
%AUTHOR={D. Pan},
%TITLE={A Tutorial on MPEG/Audio Compression},
%JOURNAL={IEEE Multimedia},
%YEAR={1995},
%VOLUME= {2} ,
%PAGES={60-74},
%MONTH={Summer}.
%}

@ARTICLE{McAlister1980,
AUTHOR = {Lee Mac Alister, David B. Finkelstein},
TITLE = {Heat shock proteins and thermal resistance in yeast},
JOURNAL ={Biochemical and Biophysical Research Communications},
YEAR = {1980},
VOLUME = {93},
PAGES =  {819â€“824},
MONTH = {April}
}
